%
% Notes hosted only on CDS are listed as TECHREPORTs.
%


%%chapter 2
@article{cms_higgs,
title = "Observation of a new boson at a mass of 125 {G}eV with the {CMS} experiment at the {LHC}",
collaboration = "CMS",
journal = "Phys. Lett. B",
volume = "716",
pages = "30",
year = "2012",
issn = "0370-2693",
doi = "10.1016/j.physletb.2012.08.021",
author = "S. Chatrchyan and others",
keywords = "CMS",
keywords = "Physics",
keywords = "Higgs"
}

@article{atlas_higgs,
title = "Observation of a new particle in the search for the {S}tandard {M}odel {H}iggs boson with the {ATLAS} detector at the {LHC}",
collaboration = "ATLAS",
journal = "Phys. Lett. B",
volume = "716",
pages = "1",
year = "2012",
issn = "0370-2693",
doi = "10.1016/j.physletb.2012.08.020",
author = "G. Aad and others"
}

@misc{NP13,
   Title = {The Nobel Prize in Physics 2013},
   howpublished = "Website",
   note = {\url{http://www.nobelprize.org/nobel_prizes/physics/laureates/2013/}},
   year =    "Accessed: April 3rd 2014",
}

@Article{LEPHIGGS,
     author    = "{ALEPH, DELPHI, L3, OPAL Collaborations, and the LEP Working Group for {H}iggs Boson Searches}",
     title = "Search for the Standard Model {H}iggs boson at {LEP}",
     journal   = "Phys. Lett. B",
     volume    = "565",
     year      = "2003",
     pages     = "61",
     doi       = "10.1016/S0370-2693(03)00614-2"
}

@Article{TEVHIGGS_2010,
     author    = "{CDF and D0 Collaborations}",
     title     = "Combination of {T}evatron Searches for the standard model {H}iggs Boson in the {$WW$} Decay Mode",
     journal   = "Phys. Rev. Lett.",
     volume    = "104",
     year      = "2010",
     pages     = "061802",
     doi       = "10.1103/PhysRevLett.104.061802",
     note      = "{A more recent, unpublished, limit is given in preprint arXiv:1103.3233.}"
}

@Article{Aaltonen:2008ec,
     author    = "T. Aaltonen and others",
     collaboration = "CDF",
     title     = "Search for a {H}iggs Boson Decaying to Two {W} Bosons at
                  {CDF}",
     journal   = "Phys. Rev. Lett.",
     volume    = "102",
     year      = "2009",
     pages     = "021802",
     eprint    = "0809.3930",
     archivePrefix = "arXiv",
     primaryClass  =  "hep-ex",
     doi       = "10.1103/PhysRevLett.102.021802",
}
@Article{CDFHWW,
     author    = "{T. Aaltonen and others}",
     collaboration = "CDF",
     title = "Measurement of the {$W^+W^-$} production cross section and search for anomalous {$WW\gamma$} and {$WWZ$} couplings in $p\bar{p}$ collisions at $\sqrt{s}$=1.96 {TeV}",
     journal   = "Phys. Rev. Lett.",
     volume    = "104",
     year      = "2010",
     pages     = "201801",
     doi       = "10.1103/PhysRevLett.104.201801"
}

@article{LopesdeSa:2012ak,
      author         = "Lopes de Sa, Rafael C.",
      title          = "{Precise measurements of the $W$ mass at the Tevatron and
                        indirect constraints on the Higgs mass}",
      collaboration  = "CDF Collaboration, D0 Collaboration",
      year           = "2012",
      eprint         = "1204.3260",
      archivePrefix  = "arXiv",
      primaryClass   = "hep-ex",
      reportNumber   = "FERMILAB-CONF-12-103-E",
      SLACcitation   = "%%CITATION = ARXIV:1204.3260;%%",
}

@ARTICLE{2005hepph7159F,
   author = {{Freitas}, A. and {Awramik}, M. and {Czakon}, M.},
    title = "{Indirect Determination of the Higgs Mass Through Electroweak Radiative Corrections}",
  journal = {ArXiv High Energy Physics - Phenomenology e-prints},
   eprint = {hep-ph/0507159},
 keywords = {High Energy Physics - Phenomenology},
     year = 2005,
    month = jul,
   adsurl = {http://adsabs.harvard.edu/abs/2005hep.ph....7159F},
  adsnote = {Provided by the SAO/NASA Astrophysics Data System}
}


@article{Heinemeyer:2013tqa,
      author         = "Heinemeyer, S and others",
      editor         = "Heinemeyer, S",
      title          = "{Handbook of LHC Higgs Cross Sections: 3. Higgs
                        Properties}",
      collaboration  = "LHC Higgs Cross Section Working Group",
      doi            = "10.5170/CERN-2013-004",
      year           = "2013",
      eprint         = "1307.1347",
      archivePrefix  = "arXiv",
      primaryClass   = "hep-ph",
      reportNumber   = "CERN-2013-004",
      SLACcitation   = "%%CITATION = ARXIV:1307.1347;%%",
}


@techreport{CMS-PAS-HIG-12-015,
      AUTHOR      = "{CMS Collaboration}",
      title        = "Evidence for a new state decaying into two photons in the search
                      for the standard model Higgs boson in pp collisions",
      institution  = "CERN",
      collaboration = "CMS Collaboration",
      address      = "Geneva",
      number       = "CMS-PAS-HIG-12-015",
      year         = "2012",
}

@techreport{CMS-PAS-HIG-12-016,
      AUTHOR      = "{CMS Collaboration}",
      title        = "Evidence for a new state in the search for the standard model Higgs boson in the {H} to {ZZ} to 4 leptons 
                      channel in pp collisions at sqrt(s) = 7 and 8 TeV",
      institution  = "CERN",
      collaboration = "CMS Collaboration",
      address      = "Geneva",
      number       = "CMS-PAS-HIG-12-016",
      year         = "2012",
}

%%chapter 3
@misc{lhcfig,
      AUTHOR      = "C.~Lef\`evre",
      title        = "The CERN accelerator complex. Complexe des acc\'el\'erateurs du CERN",
   howpublished = "Website",
   year =    "Accessed: April 3rd 2014",
   note = {\url{https://cdsweb.cern.ch/record/1260465?ln=en}},
}

@misc{lumifig,
Title = {{CMS} {L}uminosity},
note = {\url{https://twiki.cern.ch/twiki/bin/view/CMSPublic/LumiPublicResults}},
   howpublished = "Website",
   year =    "Accessed: April 3rd 2014",
}

@misc{cmsXS,
Title = {{CMS} transverse view},
note = {\url{http://cms.web.cern.ch/news/how-cms-detects-particles}},
   howpublished = "Website",
   year =    "Accessed: April 3rd 2014",

}

@Article{2008JINST,
     author    = "Chatrchyan, S. and others",
     collaboration = "CMS",
     title     = "The {CMS} experiment at the {CERN} {LHC}",
     journal   = "JINST",
     volume    = "3",
     year      = "2008",
     pages     = "S08004",
     doi       = "10.1088/1748-0221/3/08/S08004",
     SLACcitation  = "%%CITATION = JINST,3,S08004;%%"
}

@book{cmstdr,
      author    = "Bayatian, G. L. and others",
      title         = "{CMS Physics: Technical Design Report Volume 1: Detector
                       Performance and Software}",
      publisher     = "CERN",
      collaboration = "CMS Collaboration",
      address       = "Geneva",
      series        = "Technical Design Report CMS",
      year          = "2006",

}

@article{2009hcal,
      author         = "Chatrchyan, S and others",
      title          = "{Performance of the CMS Hadron Calorimeter with Cosmic
                        Ray Muons and LHC Beam Data}",
      collaboration  = "CMS Collaboration",
      journal        = "JINST",
      volume         = "5",
      pages          = "T03012",
      doi            = "10.1088/1748-0221/5/03/T03012",
      year           = "2010",
      eprint         = "0911.4991",
      archivePrefix  = "arXiv",
      primaryClass   = "physics.ins-det",
      reportNumber   = "CMS-CFT-09-009",
      SLACcitation   = "%%CITATION = ARXIV:0911.4991;%%",
}

@article{Kim:2012ix,
      author         = "Kim, Min Suk and others",
      title          = "{CMS reconstruction improvement for the muon tracking by
                        the RPC chambers}",
      collaboration  = "CMS Collaboration",
      journal        = "PoS",
      volume         = "RPC2012",
      pages          = "045",
      doi            = "10.1088/1748-0221/8/03/T03001",
      year           = "2012",
      eprint         = "1209.2646",
      archivePrefix  = "arXiv",
      primaryClass   = "physics.ins-det",
      SLACcitation   = "%%CITATION = ARXIV:1209.2646;%%",
}

%%chapter 4
@article{Chatrchyan:2013yea,
     author         = "Chatrchyan, Serguei and others",
     title          = "{Search for the standard model Higgs boson produced in
                       association with a top-quark pair in pp collisions at the
                       LHC}",
     collaboration  = "CMS",
     journal        = "JHEP",
     volume         = "1305",
     pages          = "145",
     doi            = "10.1007/JHEP05(2013)145",
     year           = "2013",
     eprint         = "1303.0763",
     archivePrefix  = "arXiv",
     primaryClass   = "hep-ex",
     reportNumber   = "CMS-HIG-12-035, CERN-PH-EP-2013-027",
     SLACcitation   = "%%CITATION = ARXIV:1303.0763;%%",
}

@article{Sjostrand:2006za,
      author         = "Sj{\"o}strand, Torbjorn and Mrenna, Stephen and Skands, Peter
                        Z.",
      title          = "{PYTHIA} 6.4 physics and manual",
      journal        = "JHEP",
      volume         = "05",
      pages          = "026",
      doi            = "10.1088/1126-6708/2006/05/026",
      year           = "2006",
      eprint         = "hep-ph/0603175",
      archivePrefix  = "arXiv",
      primaryClass   = "hep-ph",
      reportNumber   = "FERMILAB-PUB-06-052-CD-T, LU-TP-06-13",
      SLACcitation   = "%%CITATION = HEP-PH/0603175;%%",
}

@article{Alwall:2011uj,
      author         = "Alwall, Johan and Herquet, Michel and Maltoni, Fabio and
                        Mattelaer, Olivier and Stelzer, Tim",
      title          = "{MadGraph} 5: going beyond",
      journal        = "JHEP",
      volume         = "06",
      pages          = "128",
      doi            = "10.1007/JHEP06(2011)128",
      year           = "2011",
      eprint         = "1106.0522",
      archivePrefix  = "arXiv",
      primaryClass   = "hep-ph",
      reportNumber   = "FERMILAB-PUB-11-448-T",
      SLACcitation   = "%%CITATION = ARXIV:1106.0522;%%",
}

@article{Alioli:2010xd,
      author         = "Alioli, Simone and Nason, Paolo and Oleari, Carlo and Re,
                        Emanuele",
      title          = "{A general framework for implementing NLO calculations in
                        shower Monte Carlo programs: the POWHEG BOX}",
      journal        = "JHEP",
      volume         = "06",
      pages          = "043",
      doi            = "10.1007/JHEP06(2010)043",
      year           = "2010",
      eprint         = "1002.2581",
      archivePrefix  = "arXiv",
      primaryClass   = "hep-ph",
      reportNumber   = "DESY-10-018, SFB-CPP-10-22, IPPP-10-11, DCPT-10-22",
      SLACcitation   = "%%CITATION = ARXIV:1002.2581;%%",
}

@techreport{CMS-PAS-TOP-12-027,
      AUTHOR      = "{CMS Collaboration}",
      title          = "{Measurement of differential top-quark pair production cross sections in the lepton+jets channel in pp collisions at 8 TeV}",
      collaboration  = "CMS",
      TYPE           = "CMS Physics Analysis Summary",
      NUMBER         = "CMS-PAS-TOP-12-027",
      year           = "2012"
}
@techreport{CMS-PAS-TOP-12-028,
      AUTHOR      = "{CMS Collaboration}",
      title          = "{Measurement of the differential ttbar cross section in the dilepton channel at 8 TeV}",
      collaboration  = "CMS",
      TYPE           = "CMS Physics Analysis Summary",
      NUMBER         = "CMS-PAS-TOP-12-028",
      year           = "2012"
}
%%chapter 5
@TECHREPORT{CMS-PAS-PFT-09-001,
      AUTHOR      = "{CMS Collaboration}",
      COLLABORATION = {CMS},
      TITLE       = "Particle-Flow Event Reconstruction in CMS and Performance for Jets, Taus, and MET",

      TYPE        = "CMS Physics Analysis Summary",
      NUMBER      = "CMS-PAS-PFT-09-001",
      YEAR        = "2009"
}
%      URL         = "https://cdsweb.cern.ch/record/1194487",

@misc{METfilters,
Title = {MET Optional Filters},
note = {\url{https://twiki.cern.ch/twiki/bin/view/CMS/MissingETOptionalFilters}},
   howpublished = "Website",
   year =    "Accessed: April 3rd 2014",

}

@article{GSFElectron,
      author         = "Adam, W. and Fruhwirth, R. and Strandlie, A. and Todorov,
                        T.",
      title          = "{Reconstruction of electrons with the Gaussian sum filter
                        in the CMS tracker at LHC}",
      journal        = "eConf",
      volume         = "C0303241",
      pages          = "TULT009",
      doi            = "10.1088/0954-3899/31/9/N01, 10.1088/0954-3899/31/9/N01",
      year           = "2003",
      eprint         = "physics/0306087",
      archivePrefix  = "arXiv",
      primaryClass   = "physics",
      reportNumber   = "CHEP-2003-TULT009",
      SLACcitation   = "%%CITATION = PHYSICS/0306087;%%",
}

@techreport{CMS-AN-12-389LepSF,
 author = "{CMS Collaboration}",
 collaboration = "CMS",
 title = "Dilepton trigger and lepton identification efficiencies for the top quark pair production cross section measurement at 8 TeV in the dilepton decay channel.",
 type = "CMS AN",
 number = "AN-12-389",
 year = "2012",
 }

@article{Cacciari:2008aa,
 author = "M. Cacciari, G.P. Salam and G. Soyez",
 title = "{The anti-k$_T$ jet clustering algorithm}",
 journal = "Journal of High Energy Physics",
 pages = "1-12",
 doi = "10.1088/1126-6708/2008/04/063",
 year = "2008",
 eprint = "0802.1189",
}

@techreport{CMS-PAS-PFT-2009-001,
 author = "{CMS Collaboration}",
 collaboration = "CMS",
 title = "Particle-Flow Event Reconstruction in CMS and Performance for Jets, Taus, and MET",
 type = "CMS PAS",
 number = "PFT-2009-001",
 year = "Apr, 2009",
 }

@TECHREPORT{CMS-PAS-JME-10-003,
      AUTHOR      = "{CMS Collaboration}",
      COLLABORATION = {CMS},
      TITLE       = "Jet Performance in pp Collisions at $\sqrt{s}$=7 {TeV}",

      TYPE     = "CMS PAS",
      NUMBER      = "JME-10-003",
      YEAR        = "2010"
}
%      URL         = "http://cdsweb.cern.ch/record/1279362",

@techreport{CMS-PAS-PFT-2010-002,
   author = "{CMS Collaboration}",
   collaboration = "CMS",
   title = "Commissioning of the Particle-Flow Reconstruction in Minimum-Bias and Jet Events from $pp$ Collisions at 7 TeV",
   type = "CMS PAS",
   number = "PFT-2010-002",
   year = "2010",
   }

@techreport{CMS-PAS-JME-10-010,
   author = "{CMS Collaboration}",
   title = "Determination of the jet energy scale in CMS with pp collisions at $\sqrt{7}$ = 7 TeV",
   type = "CMS PAS",
   number = "JME-10-010",
   year = 2010,
   }

@article{CMS:2012hd,
      author         = "S. Chatrchyan and others",
      title          = "{Identification of b-quark jets with the CMS experiment}",
      collaboration  = "CMS",
      journal        = "JINST",
      volume         = "8",
      pages          = "P04013",
      year           = "2012",
      eprint         = "1211.4462",
      doi            = "10.1088/1748-0221/8/04/P04013",
      archivePrefix  = "arXiv",
      primaryClass   = "hep-ex",
      reportNumber   = "CMS-BTV-12-001, CERN-PH-EP-2012-262",
      SLACcitation   = "%%CITATION = ARXIV:1211.4462;%%",
}

@techreport{CMS-PAS-BTV-11-004,
      AUTHOR      = "{CMS Collaboration}",
      COLLABORATION = {CMS},
      title        = "b-Jet Identification in the CMS Experiment",

      TYPE     = "CMS Physics Analysis Summary",
      NUMBER      = "CMS-PAS-BTV-11-004",
      year         = "2012",
}
%      URL         = "http://cds.cern.ch/record/1427247",

@TECHREPORT{CMS-AN-2013-130,
      AUTHOR      = "{CMS Collaboration}",
      TITLE       = "Calibration of the Combined Secondary Vertex b-Tagging discriminant using dileptonic ttbar and Drell-Yan events",

      TYPE     = "CMS Note",
      NUMBER      = "2013/130",
      YEAR        = "2013"
}
%      URL         = "http://cms.cern.ch/iCMS/jsp/db\_notes/noteInfo.jsp?cmsnoteid=CMS\%20AN-2013/130",

@techreport{CMS-PAS-SMP-13-004,
      AUTHOR      = "{CMS Collaboration}",
      title        = "Measurement of the Z/gamma* + bb-jets cross section in pp
                      collisions at sqrt(s) = 7 TeV",
      institution  = "CERN",
      address      = "Geneva",
      number       = "CMS-PAS-SMP-13-004",
      year         = "2013",
}

@techreport{CMS-PAS-EWK-11-015,
      AUTHOR      = "{CMS Collaboration}",
      title        = "Measurement of B hadron angular correlations in association
                      to a Z boson",
      institution  = "CERN",
      address      = "Geneva",
      number       = "CMS-PAS-EWK-11-015",
      year         = "2012",
}
@Article{PFMET,
     author    = "{CMS collaboration}",
     title     = "{CMS MET Performance in Events Containing Electroweak Bosons from pp Collisions at $\sqrt{s}=7$ TeV}",
     journal   = "CMS PAS JME-2010-005",
     year = "2010"
}

%%chapter 7
@ARTICLE{tmva,
   author = {{Hoecker}, A. and others},
    title = "{TMVA - Toolkit for Multivariate Data Analysis}",
  journal = {ArXiv Physics e-prints},
   eprint = {physics/0703039},
 keywords = {Physics - Data Analysis, Statistics and Probability},
     year = 2007,
    month = mar,
   adsurl = {http://adsabs.harvard.edu/abs/2007physics...3039H},
  adsnote = {Provided by the SAO/NASA Astrophysics Data System}
}



%%chapter 9
@misc{Q2-REWEIGHT-PRESENTATION,
AUTHOR      = "T. Peiffer.",
Title = "{Q$^2$ Systematic MC Samples re-weighting}",
TYPE = "Presentation",
note = {\url{https://indico.cern.ch/getFile.py/access?contribId=5&resId=0&materialId=slides&confId=177717}},
   howpublished = "Website",
   year =    "Accessed: April 3rd 2014",

}

@Unpublished{kfactor,
     author    = "Axel Bredenstein and Ansgar Denner and Stefan Dittmaier and Stefano Pozzorini",
     title     = "{NLO QCD corrections to top anti-top bottom anti-bottom production at the LHC: 2. full hadronic results}",
     eprint    = "1001.4006",
     archivePrefix = "arXiv",
     primaryClass  =  "hep-ph",
     year = "2010",
     SLACcitation  = "%%CITATION = 1012.4031;%%"  
}

@misc{JESJetMET,
Title = {Jet Energy Scale Uncertainties},
note = {\url{https://twiki.cern.ch/twiki/bin/view/CMSPublic/WorkBookJetEnergyCorrections}},
   howpublished = "Website",
   year =    "Accessed: April 3rd 2014",

}

@misc{JERJetMET,
Title = {Jet Energy Resolution Uncertainties},
note = {\url{https://twiki.cern.ch/twiki/bin/view/CMS/JetResolution}},
   howpublished = "Website",
   year =    "Accessed: April 3rd 2014",

}

@techreport{CMS-PAS-LUM-12-001,
      AUTHOR      = "{CMS Collaboration}",
      COLLABORATION = {CMS},
      title        = "{CMS} Luminosity Based on Pixel Cluster Counting - Summer 2012 Update",

      TYPE     = "CMS Physics Analysis Summary",
      NUMBER      = "CMS-PAS-LUM-12-001",
      year         = "2012",
}
%      URL         = "http://cds.cern.ch/record/1482193",

@TECHREPORT{lumiPAS,
      AUTHOR      = "{CMS Collaboration}",
      COLLABORATION = "CMS",
      TITLE       = "Absolute Calibration of the {CMS} Luminosity Measurement: {S}ummer 2011 Update",

      TYPE        = "CMS Physics Analysis Summary",
      NUMBER      = "CMS-PAS-EWK-11-001",
      YEAR        = "2011"
}
%      URL         = "http://cdsweb.cern.ch/record/1376102",

@article{lumiPAS2,
      AUTHOR      = "{CMS Collaboration}",
      COLLABORATION = "CMS",
      title        = "Absolute Calibration of the Luminosity Measurement at CMS:
                      Winter 2012 Update",
      NUMBER      = "CMS-PAS-SMP-12-008",
      year         = "2012",
}

@article{BarlowBeeston,
      author         = "Roger Barlow and Christine Beeston",
      title          = "{Fitting using finite Monte Carlo samples}",
      journal        = "Computer Physics Communications",
      volume         = "77",
      pages          = "219-228",
      year           = "1993",
      SLACcitation   = "%%CITATION = INSPIRE-599622;%%",
}

@Unpublished{BarlowBeeston2,
     author    = "J. S. Conway",
     title     = "{Incorporating Nuisance Parameters in Likelihoods for Multisource Spectra}",
     eprint    = "1103.0354",
     archivePrefix = "arXiv",
     primaryClass  =  "hep-ex",
     year = "2011",
     SLACcitation  = "%%CITATION = 1012.4031;%%"
}

%chapter 10
@ARTICLE{AsymptoticLimits,
   author = {{Cowan}, G. and {Cranmer}, K. and {Gross}, E. and {Vitells}, O.},
    title = "{Asymptotic formulae for likelihood-based tests of new physics}",
  journal = {European Physical Journal C},
archivePrefix = "arXiv",
   eprint = {1007.1727},
 primaryClass = "physics.data-an",
     year = 2011,
    month = feb,
   volume = 71,
    pages = {1554},
      doi = {10.1140/epjc/s10052-011-1554-0},
   adsurl = {http://adsabs.harvard.edu/abs/2011EPJC...71.1554C},
  adsnote = {Provided by the SAO/NASA Astrophysics Data System}
}

@techreport{CMS-AN-11-298,
 author = "{CMS Collaboration}",
 collaboration = "CMS",
 title = "Procedure for the {LHC} {H}iggs boson search combination in summer 2011",
 type = "CMS Note",
 number = "AN-11-289",
 year = "2011",
 }

@techreport{CMS-PAS-HIG-13-019,
      AUTHOR      = "{CMS Collaboration}",
      title          = "{Search for Higgs Boson Production in Association with a Top-Quark Pair and Decaying to Bottom Quarks or Tau Leptons}",
      collaboration  = "CMS",
      TYPE           = "CMS Physics Analysis Summary",
      NUMBER         = "CMS-PAS-HIG-13-019",
      year           = "2013"
}

@techreport{CMS-PAS-HIG-13-015,
      AUTHOR      = "{CMS Collaboration}",
      title          = "{Search for $t\bar{t}$H production in events with $H \to \gamma\gamma$ at $\sqrt{s}$= 8 TeV collisions}",
      collaboration  = "CMS",

      TYPE        = "CMS Physics Analysis Summary",
      NUMBER      = "CMS-PAS-HIG-13-015",
      YEAR        = "2013"
}
%      URL         = "https://cdsweb.cern.ch/record/1547292",
%%%%%%%%%%%%%%%%%%%%%------------------------------

@article{Cacciari:2008gn,
      author         = "Cacciari, Matteo and Salam, Gavin P. and Soyez, Gregory",
      title          = "The catchment area of jets",
      journal        = "JHEP",
      volume         = "04",
      pages          = "005",
      doi            = "10.1088/1126-6708/2008/04/005",
      year           = "2008",
      eprint         = "0802.1188",
      archivePrefix  = "arXiv",
      primaryClass   = "hep-ph",
      reportNumber   = "LPTHE-07-02",
      SLACcitation   = "%%CITATION = ARXIV:0802.1188;%%",
}

@article{Cacciari:2007fd,
      author         = "Cacciari, Matteo and Salam, Gavin P.",
      title          = "{Pileup subtraction using jet areas}",
      journal        = "Phys. Lett. B",
      volume         = "659",
      pages          = "119",
      doi            = "10.1016/j.physletb.2007.09.077",
      year           = "2008",
      eprint         = "0707.1378",
      archivePrefix  = "arXiv",
      primaryClass   = "hep-ph",
      reportNumber   = "LPTHE-07-01",
      SLACcitation   = "%%CITATION = ARXIV:0707.1378;%%",
}
